<record><leader>00000cas a2200000 a 4500</leader><controlfield tag="001">12072950</controlfield><controlfield tag="008">850523d18921894ksuwr ne      0    0eng d</controlfield><datafield ind1=" " ind2=" " tag="010"><subfield code="a">sn 85030367 </subfield></datafield><datafield ind1=" " ind2=" " tag="040"><subfield code="a">KSH</subfield><subfield code="b">eng</subfield><subfield code="c">KSH</subfield><subfield code="d">NPT</subfield><subfield code="d">OCL</subfield><subfield code="d">OCLCQ</subfield></datafield><datafield ind1=" " ind2=" " tag="042"><subfield code="a">msc</subfield></datafield><datafield ind1="0" ind2=" " tag="130"><subfield code="a">Times (Cawker City, Kan.)</subfield></datafield><datafield ind1="1" ind2="4" tag="245"><subfield code="a">The times.</subfield></datafield><datafield ind1="1" ind2="3" tag="246"><subfield code="a">Weekly times</subfield><subfield code="f">Nov. 23, 1893-June 7, 1894</subfield></datafield><datafield ind1=" " ind2=" " tag="260"><subfield code="a">Cawker City, Kan. :</subfield><subfield code="b">J.W. McBride,</subfield><subfield code="c">1892-1894.</subfield></datafield><datafield ind1=" " ind2=" " tag="300"><subfield code="a">4 v. :</subfield><subfield code="b">ill. ;</subfield><subfield code="c">50 cm.</subfield></datafield><datafield ind1=" " ind2=" " tag="310"><subfield code="a">Weekly</subfield></datafield><datafield ind1="0" ind2=" " tag="362"><subfield code="a">Vol. 4, no. 49 (May 6, 1892)-v. 7, no. 14 (Aug. 30, 1894).</subfield></datafield><datafield ind1=" " ind2=" " tag="500"><subfield code="a">Published by A.B. Collins, Oct. 19, 1893-Apr. 26, 1894; J.W. McBride, May 3-Aug. 30, 1894.</subfield></datafield><datafield ind1=" " ind2=" " tag="500"><subfield code="a">"Republican," May 6, 1892-Apr. 12, 1894, May 3-Aug. 30, 1894; "Populist," Apr. 19-26, 1894.</subfield></datafield><datafield ind1=" " ind2=" " tag="525"><subfield code="a">Supplements included.</subfield></datafield><datafield ind1=" " ind2=" " tag="752"><subfield code="a">United States</subfield><subfield code="b">Kansas</subfield><subfield code="c">Mitchell</subfield><subfield code="d">Cawker City.</subfield></datafield><datafield ind1="0" ind2="0" tag="780"><subfield code="t">Cawker City times</subfield><subfield code="w">(DLC)sn 85030366</subfield></datafield><datafield ind1="0" ind2="4" tag="785"><subfield code="t">Beloit gazette</subfield><subfield code="w">(DLC)sn 85030336</subfield></datafield></record>